@book{agresti2007,
    title={An introduction to categorical data analysis},
    author={Agresti, Alan},
    year={2007},
    publisher={John Wiley \& Sons}
}

@misc{LecNotesRod,
    title={Lecture notes on Generalized Linear Models},
    author={Rodr\'iguez, Germ\'an},
    howpublished ={\url{https://data.princeton.edu/wws509/notes/}},
    year=2007
}

@misc{LecNotesSC,
    title={Logistic regression and NR},
    author={Erhard, Erik B.},
    howpublished={\url{https://statacumen.com/teach/SC1/SC1_11_LogisticRegression.pdf}}
}